<?xml version="1.0" encoding="UTF-8"?><collection xmlns="http://www.loc.gov/MARC21/slim"><record><leader>00513nam--2200133-i-4500</leader><controlfield tag="001">000028907</controlfield><controlfield tag="002">20161230</controlfield><controlfield tag="005">20161230201037</controlfield><controlfield tag="008">060222s1000------------r-----000-0-eng-d</controlfield><datafield ind1=" " ind2=" " tag="080"><subfield code="a">536.425:669.017.3:539.2</subfield></datafield><datafield ind1=" " ind2=" " tag="245"><subfield code="a">Etudes des transformations cristallines a haute temperature au-dessus de 2000 k. odeillo 27-30 sept.1971</subfield></datafield><datafield ind1=" " ind2=" " tag="260"><subfield code="a">Paris, Editions Du Centre National De La Recherche Scientifique, 1972. 488p</subfield></datafield><datafield ind1=" " ind2=" " tag="490"><subfield code="a">Colloques Internationaux Du Centre National De La Recherche Scientifique</subfield></datafield><datafield ind1=" " ind2=" " tag="852"><subfield code="a">42059</subfield></datafield></record></collection>